<record><leader>00000cas a2200000 a 4500</leader><controlfield tag="001">35957631</controlfield><controlfield tag="008">961119d18941uuumiuwr ne      0    0eng c</controlfield><datafield ind1=" " ind2=" " tag="010"><subfield code="a">sn 96077274 </subfield></datafield><datafield ind1=" " ind2=" " tag="040"><subfield code="a">MHN</subfield><subfield code="b">eng</subfield><subfield code="c">MHN</subfield><subfield code="d">OCL</subfield><subfield code="d">OCLCQ</subfield><subfield code="d">OCLCF</subfield><subfield code="d">OCLCO</subfield></datafield><datafield ind1="1" ind2=" " tag="029"><subfield code="a">AU@</subfield><subfield code="b">000012971707</subfield></datafield><datafield ind1=" " ind2=" " tag="042"><subfield code="a">pcc</subfield></datafield><datafield ind1=" " ind2=" " tag="043"><subfield code="a">n-us-mi</subfield></datafield><datafield ind1="0" ind2="4" tag="245"><subfield code="a">The mail-telegram.</subfield></datafield><datafield ind1="1" ind2="7" tag="246"><subfield code="a">County telegram</subfield></datafield><datafield ind1=" " ind2=" " tag="260"><subfield code="a">Mio, Mich. :</subfield><subfield code="b">John W. Finch &amp; Co.</subfield></datafield><datafield ind1=" " ind2=" " tag="300"><subfield code="a">v.</subfield></datafield><datafield ind1=" " ind2=" " tag="310"><subfield code="a">Weekly</subfield></datafield><datafield ind1="1" ind2=" " tag="362"><subfield code="a">Began in 1894.</subfield></datafield><datafield ind1=" " ind2=" " tag="580"><subfield code="a">Continues: County telegram?</subfield></datafield><datafield ind1=" " ind2=" " tag="588"><subfield code="a">Description based on: Vol. 15, no. 21 (May 24, 1894).</subfield></datafield><datafield ind1=" " ind2="0" tag="651"><subfield code="a">Mio (Mich.)</subfield><subfield code="v">Newspapers.</subfield></datafield><datafield ind1=" " ind2="0" tag="651"><subfield code="a">Oscoda County (Mich.)</subfield><subfield code="v">Newspapers.</subfield></datafield><datafield ind1=" " ind2="7" tag="655"><subfield code="a">Newspapers.</subfield><subfield code="2">fast</subfield><subfield code="0">(OCoLC)fst01423814</subfield></datafield><datafield ind1=" " ind2="7" tag="651"><subfield code="a">Michigan</subfield><subfield code="z">Mio.</subfield><subfield code="2">fast</subfield><subfield code="0">(OCoLC)fst01879988</subfield></datafield><datafield ind1=" " ind2="7" tag="651"><subfield code="a">Michigan</subfield><subfield code="z">Oscoda County.</subfield><subfield code="2">fast</subfield><subfield code="0">(OCoLC)fst01222312</subfield></datafield><datafield ind1=" " ind2=" " tag="752"><subfield code="a">United States</subfield><subfield code="b">Michigan</subfield><subfield code="c">Oscoda</subfield><subfield code="d">Mio.</subfield></datafield><datafield ind1="1" ind2="0" tag="780"><subfield code="t">County telegram</subfield><subfield code="w">(DLC)sn 96077273</subfield><subfield code="w">(OCoLC)35957583</subfield></datafield></record>